@article{fasc-paper,
  Author = {Thor, A. U.},
  Journal = {Some journal},
  Pages = {111-222},
  Title = {A fascinating paper},
  Volume = {1},
  Year = {2009},
}